@inproceedings{albiez2015,
	author		= {Albiez, J. and Joyeux, S. and Gaudig, C. and Hilljegerdes, J. and Kroffke, S. and Schoo, C. and Arnold,S. and Mimoso, G. and Saback, R. and Neto, J. and Cesar, D. and Neves, G. and Watanabe, T. and Merz Paranhos, P. and Reis, M. and Kirchner, F.},
	booktitle	= {Proceedings of the MTS/IEEE OCEANS 2015},
	title		= {{FlatFish} - A compact AUV for subsea resident inspection tasks},
	year		= {2015},
	month		= {Oct},
	address		= {Washington DC, USA},
	pages		= {1-8}
}

@inproceedings{bell1997,
	author		= {Bell, J. M. and Linnett, L. M.},
    booktitle	= {Proceedings of the IEEE Radar, Sonar and Navigation},
	title		= {Simulation and analysis of synthetic sides-can sonar images},
	year		= {1997},
	pages		= {219-226}
}

@inproceedings{cerqueira2016,
	author		= {Cerqueira, R. and Trocoli, T. and Neves, G. and Rebou{\c c}as, L. and Joyeux, S. and Albiez, J.},
    booktitle	= {Proceedings of the SIBGRAPI 2016},
	title		= {Custom Shader and 3D Rendering for computationally efficient Sonar Simulation},
	year		= {2016},
	month		= {Oct},
	address		= {S\~{a}o Jos\'{e} dos Campos, Brazil}
}

@article{cho2015,
	author		= {Cho, H. and Yu, S.},
	title		= {Real-time sonar image enhancement for AUV-based acoustic vision},
	journal		= {Journal of Ocean Engineering},
	year		= {2015},
	pages		= {568-579}
}

@incollection{coiras2009,
	author       = {Coiras, E. and Groen, J.},
	title        = {Simulation and 3d reconstruction of side-looking sonar images},
	booktitle    = {Advances in Sonar Technology},
	year         = {2009},
	editor       = {In-Tech},
	chapter      = 1,
	pages        = {1-14}
}

@inproceedings{demarco2015,
	author		= {DeMarco, K. and West, M. and Howard, A.},
    booktitle	= {Proceedings of the MTS/IEEE OCEANS 2015},
	title		= {A Computationally-Efficient 2D Imaging Sonar Model for Underwater Robotics Simulations in Gazebo},
	year		= {2015},
	month		= {Oct},
	address		= {Washington DC, USA},
	pages		= {1-8}
}

@inproceedings{dosantos2016,
	author		= {Dos Santos, M. M. and Zaffari, G. and Duarte, A. and Fernandes, D. and Drews-Jr., P. and Botelho, S.},
    booktitle	= {Proceedings of the MTS/IEEE OCEANS 2016},
	title		= {A modified topological descriptor for forward looking sonar images},
	year		= {2016},
	month		= {Apr},
	address		= {Shangai, China},
	pages		= {1-8}
}

@book{drumheller1998,
	author		= {Drumheller, D. S.},
	title		= {Introduction to Wave Propagation in Nonlinear Fluids and Solids},
	publisher	= {Cambridge University Press},
	year		= {1998}
}

@article{fallon2013,
	author		= {Fallon, M. F. and Folkesson, J. and McClelland, H. and Leonard, J. J.},
	title		= {Relocating Underwater Features Autonomously Using Sonar-Based SLAM},
	journal		= {Journal of Ocean Engineering},
	year		= {2013},
	pages		= {500-513},
	month		= {Jul}
}

@inproceedings{forouher2011,
	author		= {Forouher,  D. and  Hartmann,  J. and  Litza,  M. and Maehle,  E.},
    booktitle	= {Proceedings of the ICAR 2011},
	title		= {Sonar-based FastSLAM in an Underwater Environment Using Walls as Features},
	year		= {2011},
	month		= {Apr},
	address		= {Tallinn, Estonia},
	pages		= {588-593}
}

@article{ganesan2015,
	author		= {Ganesan, V. and Chitre, M. and Brekke, E.},
	title		= {Robust underwater obstacle detection and collision avoidance},
	journal		= {Autonomous Robots},
	year		= {2015},
	pages		= {1-21},
	month		= {Dec}
}

@inproceedings{guth2014,
	author		= {Guth, F. and Silveira, L. and Botelho, S. and Drews Jr., P. and Ballester, P.},
    booktitle	= {Proceedings of the BIOROB 2014},
	title		= {Underwater SLAM: Challenges, state of the art, algorithms and a new biologically-inspired approach},
	year		= {2014},
	pages		= {981-986}
}

@inproceedings{guerneve2015,
	author		= {Guerneve, T. and Petillot, Y.},
    booktitle	= {Proceedings of the MTS/IEEE OCEANS 2015},
	title		= {Underwater 3D reconstruction using BlueView imaging sonar},
	year		= {2015},
	pages		= {1-7}
}

@article{he2012,
	author		= {He, B. and Liang, Y. and Nian, R. and Yan, T. and Li, M. and Shujing, Z.},
	title		= {AUV SLAM and Experiments Using a Mechanical Scanning Forward-Looking Sonar},
	journal		= {Sensors},
	year		= {2012},
	pages		= {9386-9410},
	month		= {Jul}
}

@article{hover2012,
	author		= {Hover, F. and Eustice, R. and Kim, A. and Englot, B. and Johannsson, H. and Kaess, M. and Leonard, J.},
	title		= {Advanced perception, navigation and planning for autonomous in-water ship hull inspection},
	journal		= {International Journal of Robotics Research},
	year		= {2012},
	pages		= {1445-1464},
	month		= {Oct}
}

@inproceedings{hurtos2013,
	author		= {Hurt\'{o}s, N. and Cuf\'{i}, X. and Salvi, J.},
    booktitle	= {Proceedings of the  MTS/IEEE OCEANS 2013},
	title		= {A Novel Blending Technique for Two-Dimensional Forward-Looking Sonar Mosaicing},
	year		= {2013},
	pages		= {27-33}
}

@phdthesis{hurtos2014a,
	author		= {Hurt\'{o}s, N.},
	title		= {Forwad-looking sonar mosaicing for underwater environments},
	school		= {Universitat de Girona},
	year		= {2014}
}

@inproceedings{hurtos2014b,
	author		= {Hurt\'{o}s, N. and Palomeras, N. and Carrera, M. and Bechlioulis, C. and Karras, G. C. and Heshmati-alamari, S. and Kyriakopoulos, K. J.},
    booktitle	= {Proceedings of the  IEEE/RSJ IROS 2014},
	title		= {Sonar-based Chain Following using an Autonomous Underwater Vehicle},
	year		= {2014},
	pages		= {1978-1983}
}

@inproceedings{johannsson2010,
	author		= {Johannsson, H. and Kaess, M. and Englot, B. and Hover, F. and Leonard, J. J.},
    booktitle	= {Proceedings of the IROS 2010},
	title		= {Imaging sonar-aided navigation for autonomous underwater harbor surveillance},
	year		= {2010},
	pages		= {4396-4403}
}

@article{lee1980,
	author = {Lee, J.},
	title = {Digital Image Enhancement and Noise Filtering by Use of Local Statistics},
	journal = {IEEE Trans. Pattern Anal. Mach. Intell.},
	month = {Feb},
	year = {1980},
	pages = {165--168}
}

@book{loizou2008,
	author		= {Loizou, P. and Pattichis, C. S. and Pattichis, C.},
	title		= {Despeckle Filtering Algorithms and Software for Ultrasound Imaging},
	publisher 	= {Morgan \& Claypool Publishers},
	year		= {2008}
}

@misc{naufragiosdobrasil,
	title 		= {Naufr\'{a}gio Vapor do Jequitaia},
	howpublished= {\url{http://www.naufragiosdobrasil.com.br/}},
	note 		= {(Accessed on 10/09/2016)}
}

@book{papoulis2002,
	author		= {Papoulis, A. and Pillai, S.},
	title		= {Probability, random variables and stochastic processes},
	publisher 	= {McGraw Hill},
	year		= {2002},
	month		= {January}
}

@article{paull2014,
	author		= {Paull, L. and Saeedi, S. and Seto, M. and Li, H.},
	title		= {AUV Navigation and Localization: A Review},
	journal		= {IEEE Journal of Oceanic Engineering},
	year		= {2014},
	number		= {1},
	pages		= {131-149},
	month		= {Jan},
	volume		= {39}
}

@book{ribas2010,
	author		= {Ribas, D. and Ridao, P. and Neira, J.},
	title		= {Underwater SLAM for Structured Environments using an Imaging Sonar},
	publisher	= {Springer-Verlag Berlin Heidelberg},
	year		= {2010}
}

@misc{rowe,
	title 		= {Rowe Technologies},
	howpublished= {\url{http://rowetechinc.com/products.html}},
	note 		= {(Accessed on 10/10/2016)}
}

@article{sac2015,
	author		= {Sa{\c c}, H. and Lebleb{\.i}c{\.i}o{\u g}lu, K. and Bozda{\u g}i Akar, G.},
	title		= {2D high-frequency forward-looking sonar simulator based on continuous surfaces approach},
	journal		= {Turkish Journal of Electrical Engineering and Computer Sciences},
	year		= {2015},
	number		= {23},
	pages		= {2289-2303}
}

@misc{tritech,
	title 		= {Gemini 720i (300M) - Multibeam Imaging Sonar},
	howpublished= {\url{http://www.tritech.co.uk/product/gemini-720i-300m-multibeam-imaging-sonar}},
	note 		= {(Accessed on 10/09/2016)}
}

@inproceedings{walter2008,
	author		= {Walter, M. and Hover, F. and Leonard, J.},
    booktitle	= {Proceedings of the ICRA 2008},
	title		= {SLAM for ship hull inspection using exactly sparse extended information filters},
	year		= {2008},
	pages		= {1463-1470}
}

@inproceedings{watanabe2015,
	author		= {Watanabe, T. and Neves, G. and Cerqueira, R. and Trocoli, T. and Reis, M. and Joyeux, S. and Albiez, J.},
	booktitle	= {Proceedings of 12th Latin American Robotics Symposium ({LARS}'15)},
	title		= {The Rock-Gazebo Integration and a Real-Time AUV Simulation},
	year		= {2015},
	month		= {Oct},
	address		= {Uberl\~{a}ndia, Brazil},
	pages		= {132-138}
}

@book{waite2002,
	author		= {Wait, A. D.},
	title		= {Sonar for Practising Engineers},
	publisher 	= {Wiley},
	year		= {2002},
	month		= {May}
}
